@book{MedBildVerarbeitung,
    author={Hadels, Heinz},
    title={Medizinische Bildverarbeitung},
    publisher={Springer-Verlag},
    location={Heidelberg},
    edition={2},
    year={2000},
    hyphenation={german},
    keywords={Bildverarebeitung Medizin}
}

@book{VisualHandbook,
	author={Hansen, Charles D. and Johnson, Chris R.},
	title={The Visualisation Handbook},
	publisher={Elsevier Academic Press},
	year={2005},
	hyphenation={english},
	keywords={Visualisation, marching cubes}
}

@misc{AnalyzeFormat,
	title={ANALYZE 7.5 File Format},
	author={Mayo},
	year={2015},
	urldate={2015-08-09},
	howpublished={\url{https://rportal.mayo.edu/bir/ANALYZE75.pdf}},
	note={Besucht: 2015-09.08}
}

@manual{OpenGLDoku,
	title={The OpenGL Graphics System: A Specification},
	author={Segal, Mark and Akeley, Kurt},
	edition={3.1},
	year={2009},
	hyphenation={english},
	address={https://www.opengl.org/registry/doc/glspec31.20090324.pdf}
}

@book{STereoLithography,
	author={Chua, Chee, Kai and Gan, G., K., Jacob and Tong, Mei},
	title={Interface between CAD and Rapid Prototyping systems. Part 2: LMI — An improved interface},
	publisher={Springer-Verlag},
	edition={13},
	year={1997},
	hyphenation={english},
	location={Singapore},
	keywords={Computer-aided design (CAD)
	Computer-aided manufacture (CAM)
	Data exchange
	Rapid prototyping
	STL (STereoLithography) format}
}

@book{ComputerGraphics,
	author={Shirley, Peter and Marschner, Steve},
	title={Fundamentals of Computer Graphics},
	publisher={Taylor \& Francis Ltd},
	edition={3},
	year={2009},
	hyphenation={english},
	location={Singapore},
	keywords={Computer Graphics}
}

@misc{STLFormat,
	title={The StL Format},
	author={Fabbers},
	year={2015},
	urldate={2015-08-09},
	howpublished={\url{http://www.fabbers.com/tech/STL_Format}},
	note={Besucht: 2015-09.08}
}

@thesis{SeibtBak,
	author={Seibt, Georg},
	title={Oberflächenextraktion mittels des Marching Cubes Algorithmus},
	type={bscthesis},
	year={2014},
	month={10},
	institution={Universität Passau, Fakultät für Informatik und Mathematik},
	address={Passau},
	hyphenation={german},
	keywords={marching cubes}
}

@thesis{WollmannBak,
	author={Wollmann, Thomas Sebastian},
	title={Entwicklung und Implementierung eiens Marching Cube basierten Algorithmus zur punkterhaltender Triangulation von Konturen mit Subpixel-Auflösung},
	type={bscthesis},
	year={2013},
	month={08},
	institution={Universität Heidelberg, Medizinische Fakultät},
	address={Heilbronn},
	hyphenation={german},
	keywords={marching cubes, triangulation}
}

@article{MCAlgo,
	author={Lorensen, William E. and Cline, Harvey E.},
	title={Marching Cubes: A High Resolution 3D Surface Construction Algorithm},
	journal={Computer Graphics, Volume 21, Number 4},
	issue={July},
	year={1987},
	hyphenation={english}
}

@article{Leak1,
	author={Nielson, Gregory M. and Hamann, Bernd},
	title={The Asymptotic Decider: Resolving the Ambiguity in Marching Cubes},
	journal={Proceedings of the 2Nd Conference on Visualization},
	year={1991},
	hyphenation={english}
}

@article{Leak2,
	author={Nielson, G. M.},
	title={On Marching Cubes},
	journal={Visualization and Computer Graphics, IEEE Transactions on  (Volume:9 ,  Issue: 3 )},
	issue={June},
	year={2003},
	hyphenation={english}
}

@article{DecTri,
	author={Schroeder, William J. and Zarge, Jonathan A. and Lorensen, William E.},
	title={Decimation of triangle meshes},
	journal={Proceedings of the 19th annual conference on Computer graphics and interactive techniques},
	issue={July},
	year={1992},
	hyphenation={english}
}

@article{Verf,
	author={Vollmer, J. and Mencl, R. and Müller, H.},
	title={Improved Laplacian Smoothing of Noisy Surface Meshes},
	journal={Computer Graphics Forum Volume 18, Issue 3},
	issue={December},
	year={2001},
	hyphenation={english}
}

@article{Octree,
	author={Wilhelms, Jane and Gelder, Allen Van},
	title={Octrees for faster isosurface generation},
	journal={IEEE TRANSACTIONS ON MEDICAL IMAGING},
	year = {2000},
	volume = {19},
	pages = {739--758}
	hyphenation={english}
}

@misc{BourkeMC,
	title={Polygonising a scalar field},
	author={Bourke, Paul},
	year={1994},
	urldate={2015-08-25},
	howpublished={\url{http://paulbourke.net/geometry/polygonise/}},
	note={Besucht: 2015-25.08}
}